@inproceedings{faria1999explorando,
  title={Explorando o potencial de algoritmos de aprendizado com refor{\c{c}}o em rob{\^o}s m{\'o}veis},
  author={Faria, Gedson and Romero, Roseli Francelin},
  booktitle={Proceedings of the IV Brazilian Conference on Neural Networks},
  pages={237--242},
  year={1999}
}


@article{browne2012survey,
  title={A survey of monte carlo tree search methods},
  author={Browne, Cameron B and Powley, Edward and Whitehouse, Daniel and Lucas, Simon M and Cowling, Peter I and Rohlfshagen, Philipp and Tavener, Stephen and Perez, Diego and Samothrakis, Spyridon and Colton, Simon},
  journal={IEEE Transactions on Computational Intelligence and AI in games},
  volume={4},
  number={1},
  pages={1--43},
  year={2012},
  publisher={IEEE}
}

@inproceedings{kocsis2006bandit,
  title={Bandit based monte-carlo planning},
  author={Kocsis, Levente and Szepesv{\'a}ri, Csaba},
  booktitle={European conference on machine learning},
  pages={282--293},
  year={2006},
  organization={Springer}
}
